<record><leader>00000cas a22000007a 4500</leader><controlfield tag="001">16077318</controlfield><controlfield tag="008">870626d19151929iauwr ne      0    0eng d</controlfield><datafield ind1=" " ind2=" " tag="010"><subfield code="a">sn 87058403 </subfield></datafield><datafield ind1=" " ind2=" " tag="040"><subfield code="a">INP</subfield><subfield code="b">eng</subfield><subfield code="c">INP</subfield><subfield code="d">OCLCQ</subfield></datafield><datafield ind1=" " ind2=" " tag="042"><subfield code="a">msc</subfield></datafield><datafield ind1="0" ind2="4" tag="245"><subfield code="a">The Independent-Republican.</subfield></datafield><datafield ind1=" " ind2=" " tag="260"><subfield code="a">Waverly, Iowa :</subfield><subfield code="b">J.F. Grawe,</subfield><subfield code="c">1915-1929.</subfield></datafield><datafield ind1=" " ind2=" " tag="300"><subfield code="a">27 v.</subfield></datafield><datafield ind1=" " ind2=" " tag="310"><subfield code="a">Weekly</subfield></datafield><datafield ind1="0" ind2=" " tag="362"><subfield code="a">Vol. 48, no. 39 (Jan. 28, 1915)-v. 74, no. 20 (Aug. 29, 1929).</subfield></datafield><datafield ind1=" " ind2=" " tag="752"><subfield code="a">United States</subfield><subfield code="b">Iowa</subfield><subfield code="c">Bremer</subfield><subfield code="d">Waverly.</subfield></datafield><datafield ind1="0" ind2="4" tag="780"><subfield code="t">Bremer County independent (Waverly, Iowa : 1870)</subfield><subfield code="w">(DLC)sn 84027403</subfield></datafield><datafield ind1="0" ind2="4" tag="780"><subfield code="t">Waverly Republican (Waverly, Iowa : 1868)</subfield><subfield code="w">(DLC)sn 84038597</subfield></datafield><datafield ind1="0" ind2="0" tag="785"><subfield code="t">Bremer County independent and Waverly Republican</subfield><subfield code="w">(DLC)sn 87058404</subfield></datafield></record>